<?xml version="1.0" encoding="UTF-8"?><collection xmlns="http://www.loc.gov/MARC21/slim"><record><leader>00386nam--2200133-i-4500</leader><controlfield tag="001">000038247</controlfield><controlfield tag="002">20161230</controlfield><controlfield tag="005">20161230201041</controlfield><controlfield tag="008">060222s1000------------r-----000-0-eng-d</controlfield><datafield ind1=" " ind2=" " tag="080"><subfield code="a">621.3:537.311.33(043)</subfield></datafield><datafield ind1=" " ind2=" " tag="100"><subfield code="a">Reininghaus, Ulrich</subfield></datafield><datafield ind1=" " ind2=" " tag="245"><subfield code="a">Schaltwerhalten unterschiedlicher kontaktwerkstoffe im vakuum. dissert</subfield></datafield><datafield ind1=" " ind2=" " tag="260"><subfield code="a">Braunschweig, Univ., 1983, 164p.+ Fig</subfield></datafield><datafield ind1=" " ind2=" " tag="852"><subfield code="a">71599</subfield></datafield></record></collection>